<?xml version="1.0" encoding="UTF-8"?><record xmlns="http://www.loc.gov/MARC21/slim" xmlns:cinclude="http://apache.org/cocoon/include/1.0" xmlns:zs="http://www.loc.gov/zing/srw/">
  <leader>00501nz  a2200133n  4500</leader>
  <controlfield tag="001">n 2004123973</controlfield>
  <controlfield tag="003">DLC</controlfield>
  <controlfield tag="005">20041103044115.0</controlfield>
  <controlfield tag="008">041103n| acannaabn          |n aaa      </controlfield>
  <datafield tag="010" ind1=" " ind2=" ">
    <subfield code="a">n 2004123973</subfield>
  </datafield>
  <datafield tag="035" ind1=" " ind2=" ">
    <subfield code="a">(DNLM)1279399</subfield>
  </datafield>
  <datafield tag="040" ind1=" " ind2=" ">
    <subfield code="a">DNLM</subfield>
    <subfield code="b">eng</subfield>
    <subfield code="c">DNLM</subfield>
  </datafield>
  <datafield tag="100" ind1="1" ind2=" ">
    <subfield code="a">Silver, Gillian</subfield>
  </datafield>
  <datafield tag="670" ind1=" " ind2=" ">
    <subfield code="a">Charting a course for the future of women's and perinatal health., 1999:</subfield>
    <subfield code="b">t.p. (Gillian Silver) p. ix (Gillian B. Silver, MPH, research assistant for the Johns Hopkins Women's and Children's Health Policy Center)</subfield>
  </datafield>
</record>